<?xml version="1.0" encoding="UTF-8"?><collection xmlns="http://www.loc.gov/MARC21/slim"><record><leader>00430nam--2200145-i-4500</leader><controlfield tag="001">000007630</controlfield><controlfield tag="002">20161230</controlfield><controlfield tag="005">20170207000540</controlfield><controlfield tag="008">060222s1000------------r-----000-0-eng-d</controlfield><datafield ind1=" " ind2=" " tag="245"><subfield code="a">Modeles econometriques de l enseignement. Quel ques applications</subfield></datafield><datafield ind1=" " ind2=" " tag="260"><subfield code="a">Paris</subfield><subfield code="b">Ocde</subfield><subfield code="c">1965</subfield></datafield><datafield ind1=" " ind2=" " tag="300"><subfield code="a">101 p</subfield></datafield><datafield ind1=" " ind2=" " tag="490"><subfield code="a">Organisation De Cooperation Et De Developpment Economiques</subfield></datafield><datafield ind1=" " ind2=" " tag="700"><subfield code="a">Tinbergen, Jan</subfield></datafield><datafield ind1=" " ind2=" " tag="CAT"><subfield code="a">SYS</subfield><subfield code="c">20170207</subfield><subfield code="h">000540</subfield></datafield></record></collection>